@misc{Germline,
	Author = "Broad Institute",
    title = "Germline short variant discovery (SNPs + Indels)",
	HowPublished = {\url{https://software.broadinstitute.org/gatk/best-practices/workflow?id=11145}},
    year = "2018-01-07"
}

@misc{CloudComputingGenome,
	Author = "L.D. Stein",
    title = "The case for cloud computing in genome informatics",
    publisher = "Genome Biol.",
	HowPublished = {\url{http://dx.doi.org/10.1186/gb-2010-11-5-207}},
    year = "2010-11-05"
}

@misc{WIKI:HumanGenome,
	Author = "Wikipedia",
    title = "Human genome",
	HowPublished = {\url{https://en.wikipedia.org/wiki/Human_genome}}
    }
    
    
@misc{WIKI:reference_genome,
	Author = "Wikipedia",
    title = "Reference genome",
	HowPublished = {\url{https://en.wikipedia.org/wiki/Reference_genome}}
    }
    
@misc{Gene,
	Author = "Genetics Home Reference",
    title = "What is a gene?",
	HowPublished = {\url{https://ghr.nlm.nih.gov/primer/basics/gene}},
    year = "2018-02-20"
}
@misc{SNP,
	Author = "Genetics Home Reference",
    title = "What are single nucleotide polymorphisms (SNPs)?",
	HowPublished = {\url{https://ghr.nlm.nih.gov/primer/genomicresearch/snp}},
    year = "2018-02-20"
}
@misc{INDEL,
	Author = "Laura Rodriguez-Murillo and Rany M. SalemEmail",
    title = "Insertion/Deletion Polymorphism",
    publisher = "Springer",
	HowPublished = {\url{https://link.springer.com/referenceworkentry/10.1007%2F978-1-4419-1005-9_706}},
    year = "2018-02-20"
}

@article{ ScalableEfficientWhole-ExomeProcessing,
    author = "J.Ca{\l}a - E.Marei - Y.Xu - K.Takeda - P.Missier",
    title = "Scalable and efficient whole-exome data processing using workflows on the cloud",
    journal = "Future Generation Computer Systems",
    volume = "65",
    pages = "153-168",
    year = "2016-12",
    url = "https://doi.org/10.1016/j.future.2016.01.001" 
}

@misc{PairedEnd,
	Author = "Illumina",
    title = "Paired-End vs. Single-Read Sequencing Technology",
	HowPublished = {\url{https://emea.illumina.com/science/technology/next-generation-sequencing/paired-end-vs-single-read-sequencing.html}},
}

@misc{MicrosoftGenomics,
	Author = "Microsoft Genomics",
    title = "Accelerate precision medicine with Microsoft Genomics"
}

@misc{BWA,
	Author = "Li H. and Durbin R.",
    title = "Fast and accurate short read alignment with Burrows-Wheeler Transform"
    publisher = "Bioinformatics",
    year = "2009"
	HowPublished = {\url{http://bio-bwa.sourceforge.net/}},
}

@misc{Picard,
	Author = "Broad Institute",
    title = "Picard",
	HowPublished = {\url{https://broadinstitute.github.io/picard/}},
}
@misc{BQSR,
	Author = "Broad Institute",
    title = "Base Quality Score Recalibration (BQSR)",
	HowPublished = {\url{https://software.broadinstitute.org/gatk/documentation/article?id=11081}},
    year = "2017-12-29"
}
@misc{HaplotypeCaller,
	Author = "Broad Institute",
    title = " Calling variants on cohorts of samples using the HaplotypeCaller in GVCF mode",
	HowPublished = {\url{https://software.broadinstitute.org/gatk/documentation/article.php?id=3893}},
    year = "2017-01-21"
}
@misc{VQSR1,
	Author = "Broad Institute",
    title = " What is a VCF and how should I interpret it?",
	HowPublished = {\url{https://software.broadinstitute.org/gatk/documentation/article.php?id=1268}},
    year = "2017-05-30"
}
@misc{VQSR2,
	Author = "Broad Institute",
    title = "Variant Quality Score Recalibration (VQSR)",
	HowPublished = {\url{https://software.broadinstitute.org/gatk/documentation/article?id=11084}},
    year = "2018-01-09"
}

@misc{runVQSR,
	Author = "Broad Institute",
    title = "(howto) Recalibrate variant quality scores = run VQSR",
	HowPublished = {\url{https://software.broadinstitute.org/gatk/documentation/article?id=2805}},
    year = "2017-09-06"
}

@misc{GenotypeRefinement,
	Author = "Broad Institute",
    title = "Genotype Refinement workflow for germline short variants",
	HowPublished = {\url{https://software.broadinstitute.org/gatk/documentation/article?id=11074}},
    year = "2017-09-06"
}

@misc{ANNOVAR,
	Author = "Kai Wang - Mingyao Li - Hakon Hakonarson",
    title = "ANNOVAR: functional annotation of genetic variants from high-throughput sequencing data",
	HowPublished = {\url{http://dx.doi.org/10.1093/nar/gkq603}},
    year = "2010"
}

@misc{ANNOVAR_startup,
    title = "Quick Start-Up Guide - ANNOVAR Documentation",
	HowPublished = {\url{http://annovar.openbioinformatics.org/en/latest/user-guide/startup/}},
}






@misc{HDFS,
	Author = "Dhruba Borthakur",
    title = "HDFS Architecture Guide",
	HowPublished = {\url{https://hadoop.apache.org/docs/r1.2.1/hdfs_design.html}},
    year = "2013-04-08"
}

@misc{Spark,
	Author = "Apache",
    title = "Cluster Mode Overview",
	HowPublished = {\url{https://spark.apache.org/docs/latest/cluster-overview.html}},
}

@misc{Docker,
	Author = "Docker",
    title = "Get Started, Part 1: Orientation and setup",
	HowPublished = {\url{https://docs.docker.com/get-started/}},
}

@misc{DockerSwarm,
	Author = "Docker",
    title = "Get Started, Part 4: Swarms",
	HowPublished = {\url{https://docs.docker.com/get-started/part4/}},
}

@misc{known_sites,
	Author = "Broad Institute",
    title = "What should I use as known variants/sites for running tool X?",
	HowPublished = {\url{https://software.broadinstitute.org/gatk/documentation/article.php?id=1247}},
    year = "2016-01-27"
}

@misc{variant_recalibrator,
	Author = "Broad Institute",
    title = "Which training sets / arguments should I use for running VQSR?",
	HowPublished = {\url{https://software.broadinstitute.org/gatk/documentation/article.php?id=1259}},
    year = "2017-09-25"
}

@misc{gVCF,
	Author = "Broad Institute",
    title = " What is a GVCF and how is it different from a 'regular' VCF?",
	HowPublished = {\url{https://software.broadinstitute.org/gatk/documentation/article.php?id=4017}},
    year = "2014-10-22"
}